<record><leader>00000cas a22000007a 4500</leader><controlfield tag="001">20580585</controlfield><controlfield tag="008">891101d18391843mduwr ne      0    0eng d</controlfield><datafield ind1=" " ind2=" " tag="010"><subfield code="a">sn 89060271 </subfield></datafield><datafield ind1=" " ind2=" " tag="040"><subfield code="a">MFN</subfield><subfield code="b">eng</subfield><subfield code="c">MFN</subfield><subfield code="d">OCLCQ</subfield></datafield><datafield ind1=" " ind2=" " tag="042"><subfield code="a">msc</subfield></datafield><datafield ind1="0" ind2=" " tag="130"><subfield code="a">Alleganian (Cumberland, Md. : 1839)</subfield></datafield><datafield ind1="1" ind2="4" tag="245"><subfield code="a">The Alleganian.</subfield></datafield><datafield ind1=" " ind2=" " tag="260"><subfield code="a">Cumberland, Md. :</subfield><subfield code="b">J. Wichard</subfield></datafield><datafield ind1=" " ind2=" " tag="300"><subfield code="a">v.</subfield></datafield><datafield ind1=" " ind2=" " tag="310"><subfield code="a">Weekly</subfield></datafield><datafield ind1="1" ind2=" " tag="362"><subfield code="a">Began in 1839? Ceased in 1843?</subfield></datafield><datafield ind1=" " ind2=" " tag="588"><subfield code="a">Description based on: Vol. 3, no. 24 (June 5, 1841).</subfield></datafield><datafield ind1=" " ind2=" " tag="752"><subfield code="a">United States</subfield><subfield code="b">Maryland</subfield><subfield code="c">Allegany</subfield><subfield code="d">Cumberland.</subfield></datafield><datafield ind1="0" ind2="0" tag="785"><subfield code="t">Cumberland Alleganian (Cumberland, Md. : 1843)</subfield><subfield code="w">(DLC)sn 85038286</subfield></datafield></record>